@article{cormen1990introduction,
title={Introduction to Algorithms},
author={Cormen, Thomas T and Leiserson, Charles E and Rivest, Ronald L},
year={1990}}
